@inproceedings{zirpolo2025modelo,
  title={Um modelo explic{\'a}vel para classifica{\c{c}}{\~a}o de arritmias card{\'\i}acas utilizando a rede LSTM},
  author={Z{\'\i}rpolo, Amanda Souza and Mesquita, Evandro Tinoco and Ramos, Taiane Coelho},
  booktitle={Simp{\'o}sio Brasileiro de Computa{\c{c}}{\~a}o Aplicada {\`a} Sa{\'u}de (SBCAS)},
  pages={55--60},
  year={2025},
  organization={SBC}
}

@article{da2024arritmias,
  title={Arritmias Card{\'\i}acas: Diagn{\'o}stico, Tratamento e Preven{\c{c}}{\~a}o},
  author={da Cruz Costa, Andressa and Franco, Anderson Carvalho Levi and Pereira, Rafael Ferreira and Gon{\c{c}}alves, Marcus Vinicius Vasconcelos and Nubile, Eduardo Sant Anna},
  journal={Brazilian Journal of Implantology and Health Sciences},
  volume={6},
  number={2},
  pages={348--360},
  year={2024}
}

@article{ansari2023deep,
  title={Deep learning for ECG Arrhythmia detection and classification: an overview of progress for period 2017--2023},
  author={Ansari, Yaqoob and Mourad, Omar and Qaraqe, Khalid and Serpedin, Erchin},
  journal={Frontiers in Physiology},
  volume={14},
  pages={1246746},
  year={2023},
  publisher={Frontiers Media SA}
}

@article{vaswani2017attention,
  title={Attention is all you need},
  author={Vaswani, Ashish and Shazeer, Noam and Parmar, Niki and Uszkoreit, Jakob and Jones, Llion and Gomez, Aidan N and Kaiser, {\L}ukasz and Polosukhin, Illia},
  journal={Advances in neural information processing systems},
  volume={30},
  year={2017}
}

@article{kitchenham2004procedures,
  title={Procedures for performing systematic reviews},
  author={Kitchenham, Barbara and others},
  journal={Keele, UK, Keele University},
  volume={33},
  number={2004},
  pages={1--26},
  year={2004}
}

@article{wen2022transformers,
  title={Transformers in time series: A survey},
  author={Wen, Qingsong and Zhou, Tian and Zhang, Chaoli and Chen, Weiqi and Ma, Ziqing and Yan, Junchi and Sun, Liang},
  journal={arXiv preprint arXiv:2202.07125},
  year={2022}
}

--- Avaliar artigos abaixo ---

@inproceedings{jain2019attention,
  title={Attention is not Explanation},
  author={Jain, Sarthak and Wallace, Byron C},
  booktitle={Proceedings of the 2019 Conference of the North American Chapter of the Association for Computational Linguistics: Human Language Technologies, Volume 1 (Long and Short Papers)},
  pages={3543--3556},
  year={2019}
}

@article{lundberg2017unified,
  title={A unified approach to interpreting model predictions},
  author={Lundberg, Scott M and Lee, Su-In},
  journal={Advances in neural information processing systems},
  volume={30},
  year={2017}
}

@article{lundberg2018shap,
  title={SHAP documentation},
  author={Lundberg, Scott and others},
  journal={URL: https://shap.readthedocs.io (visitado em 02/09/2025)},
  year={2018}
}

@article{han2024foundation,
  title={Foundation models in electrocardiogram: A review},
  author={Han, Yu and Liu, Xiaofeng and Zhang, Xiang and Ding, Cheng},
  journal={arXiv preprint arXiv:2410.19877},
  year={2024}
}

@article{rao2022explainable,
  title={An explainable transformer-based deep learning model for the prediction of incident heart failure},
  author={Rao, Shishir and Li, Yikuan and Ramakrishnan, Rema and Hassaine, Abdelaali and Canoy, Dexter and Cleland, John and Lukasiewicz, Thomas and Salimi-Khorshidi, Gholamreza and Rahimi, Kazem},
  journal={ieee journal of biomedical and health informatics},
  volume={26},
  number={7},
  pages={3362--3372},
  year={2022},
  publisher={IEEE}
}

@article{sraitih2021automated,
  title={An automated system for ECG arrhythmia detection using machine learning techniques},
  author={Sraitih, Mohamed and Jabrane, Younes and Hajjam El Hassani, Amir},
  journal={Journal of Clinical Medicine},
  volume={10},
  number={22},
  pages={5450},
  year={2021},
  publisher={MDPI}
}

@article{zheng202012,
  title={A 12-lead electrocardiogram database for arrhythmia research covering more than 10,000 patients},
  author={Zheng, Jianwei and Zhang, Jianming and Danioko, Sidy and Yao, Hai and Guo, Hangyuan and Rakovski, Cyril},
  journal={Scientific data},
  volume={7},
  number={1},
  pages={48},
  year={2020},
  publisher={Nature Publishing Group UK London}
}

@inproceedings{wiegreffe2019attention,
  title={Attention is not not Explanation},
  author={Wiegreffe, Sarah and Pinter, Yuval},
  booktitle={Proceedings of the 2019 Conference on Empirical Methods in Natural Language Processing and the 9th International Joint Conference on Natural Language Processing (EMNLP-IJCNLP)},
  pages={11--20},
  year={2019}
}